<record><leader>00000cas a22000007a 4500</leader><controlfield tag="001">21224482</controlfield><controlfield tag="008">900316d19121923gaudn ne      0    0eng d</controlfield><datafield ind1=" " ind2=" " tag="010"><subfield code="a">sn 88054118 </subfield></datafield><datafield ind1=" " ind2=" " tag="040"><subfield code="a">NLG</subfield><subfield code="b">eng</subfield><subfield code="c">NLG</subfield><subfield code="d">GUA</subfield><subfield code="d">OCLCQ</subfield><subfield code="d">OCLCF</subfield><subfield code="d">OCLCO</subfield></datafield><datafield ind1="1" ind2=" " tag="029"><subfield code="a">AU@</subfield><subfield code="b">000025496428</subfield></datafield><datafield ind1=" " ind2=" " tag="042"><subfield code="a">msc</subfield></datafield><datafield ind1=" " ind2=" " tag="043"><subfield code="a">n-us-ga</subfield></datafield><datafield ind1="0" ind2="4" tag="245"><subfield code="a">The Athens daily herald.</subfield></datafield><datafield ind1=" " ind2=" " tag="260"><subfield code="a">Athens, Ga. :</subfield><subfield code="b">Herald Pub. Co.,</subfield><subfield code="c">[1912-1923]</subfield></datafield><datafield ind1=" " ind2=" " tag="300"><subfield code="a">v.</subfield></datafield><datafield ind1=" " ind2=" " tag="310"><subfield code="a">Daily (except Sat. and Sun.),</subfield><subfield code="b">June 11, 1922-Feb. 9, 1923</subfield></datafield><datafield ind1=" " ind2=" " tag="321"><subfield code="a">Daily (except Sun.),</subfield><subfield code="b">&lt;Jan. 4, 1914&gt;-June 4, 1922</subfield></datafield><datafield ind1="1" ind2=" " tag="362"><subfield code="a">Began in 1912.</subfield></datafield><datafield ind1="0" ind2=" " tag="362"><subfield code="a">-v. 11, no. 124 (Feb. 9, 1923).</subfield></datafield><datafield ind1=" " ind2=" " tag="500"><subfield code="a">On Sunday published with Athens banner as: Banner-herald, -Feb. 11, 1923.</subfield></datafield><datafield ind1=" " ind2=" " tag="580"><subfield code="a">Merged with: Athens banner (Athens, Ga. : 1902), to form: Banner-herald (Athens, Ga. : 1923).</subfield></datafield><datafield ind1=" " ind2=" " tag="588"><subfield code="a">Description based on: Vol. 1, no. 269 (July 1, 1913).</subfield></datafield><datafield ind1=" " ind2="0" tag="651"><subfield code="a">Athens (Ga.)</subfield><subfield code="v">Newspapers.</subfield></datafield><datafield ind1=" " ind2="7" tag="655"><subfield code="a">Newspapers.</subfield><subfield code="2">fast</subfield><subfield code="0">(OCoLC)fst01423814</subfield></datafield><datafield ind1=" " ind2="7" tag="651"><subfield code="a">Georgia</subfield><subfield code="z">Athens.</subfield><subfield code="2">fast</subfield><subfield code="0">(OCoLC)fst01208258</subfield></datafield><datafield ind1=" " ind2=" " tag="752"><subfield code="a">United States</subfield><subfield code="b">Georgia</subfield><subfield code="c">Clarke</subfield><subfield code="d">Athens.</subfield></datafield><datafield ind1="1" ind2="7" tag="785"><subfield code="t">Athens banner (Athens, Ga. : 1902)</subfield><subfield code="w">(DLC)sn 88054098</subfield><subfield code="w">(OCoLC)20266548</subfield></datafield><datafield ind1="1" ind2="7" tag="785"><subfield code="t">Banner-herald (Athens, Ga. : 1923)</subfield><subfield code="w">(DLC)sn 88054099</subfield><subfield code="w">(OCoLC)21220527</subfield></datafield></record>